@article{akten9realtime,
  title={Realtime control of sequence generation with character based Long Short Term Memory Recurrent Neural Networks},
  author={Akten, Memo},
  journal={Memory},
  volume={9},
  number={8},
  pages={1735--1780}
}

@article{DBLP:journals/corr/Graves13,
  author    = {Alex Graves},
  title     = {Generating Sequences With Recurrent Neural Networks},
  journal   = {CoRR},
  volume    = {abs/1308.0850},
  year      = {2013},
  url       = {http://arxiv.org/abs/1308.0850},
  timestamp = {Tue, 10 Dec 2013 12:03:02 +0100},
  biburl    = {http://dblp.uni-trier.de/rec/bib/journals/corr/Graves13},
  bibsource = {dblp computer science bibliography, http://dblp.org}
}

@INPROCEEDINGS{938515, 
author={C. C. J. Chen and R. Miikkulainen}, 
booktitle={Neural Networks, 2001. Proceedings. IJCNN '01. International Joint Conference on}, 
title={Creating melodies with evolving recurrent neural networks}, 
year={2001}, 
volume={3}, 
pages={2241-2246 vol.3}, 
keywords={evolutionary computation;learning (artificial intelligence);music;recurrent neural nets;evolutionary reinforcement learning;melody creation;music composition;recurrent neural network evolution;Analytical models;Evolutionary computation;Learning;Music;Neural networks;Psychoacoustic models;Psychology;Recurrent neural networks;Rhythm;Writing}, 
doi={10.1109/IJCNN.2001.938515}, 
ISSN={1098-7576}, 
month={},}

@article{eigenfeldt2015generative,
  title={Generative Music for Live Musicians: An Unnatural Selection},
  author={Eigenfeldt, Arne},
  year={2015}
}

@book{miranda2001composing,
  title={Composing music with computers},
  author={Miranda, Eduardo},
  year={2001},
  publisher={CRC Press}
}

@article{fernandez2013ai,
  title={AI methods in algorithmic composition: A comprehensive survey},
  author={Fern{\'a}ndez, Jose D and Vico, Francisco},
  journal={Journal of Artificial Intelligence Research},
  volume={48},
  pages={513--582},
  year={2013}
}

@article{weydeperception,
  title={Perception, Cognition, and Generation of Music: a Case for Human-Like Understanding of Temporal Structures},
  author={Weyde, Tillman}
}

@article{matic2013genetic,
  title={A genetic algorithm for composing music},
  author={Mati{\'c}, Dragan},
  journal={Yugoslav Journal of Operations Research ISSN: 0354-0243 EISSN: 2334-6043},
  volume={20},
  number={1},
  year={2013}
}